<record><leader>00000cas a22000007a 4500</leader><controlfield tag="001">23442174</controlfield><controlfield tag="008">910409d19001924scuwr ne      0    0eng d</controlfield><datafield ind1=" " ind2=" " tag="010"><subfield code="a">sn 91066488 </subfield></datafield><datafield ind1=" " ind2=" " tag="040"><subfield code="a">NYS</subfield><subfield code="b">eng</subfield><subfield code="c">NYS</subfield><subfield code="d">SVN</subfield><subfield code="d">OCLCQ</subfield></datafield><datafield ind1=" " ind2=" " tag="042"><subfield code="a">msc</subfield></datafield><datafield ind1="0" ind2=" " tag="130"><subfield code="a">Progress (Union, S.C.)</subfield></datafield><datafield ind1="1" ind2="0" tag="245"><subfield code="a">Progress.</subfield></datafield><datafield ind1="3" ind2="0" tag="246"><subfield code="a">Union progress</subfield><subfield code="f">Nov. 26 - Dec. 31, 1924</subfield></datafield><datafield ind1=" " ind2=" " tag="260"><subfield code="a">Union, S.C. :</subfield><subfield code="b">Allan Nicholson</subfield></datafield><datafield ind1=" " ind2=" " tag="300"><subfield code="a">v.</subfield></datafield><datafield ind1=" " ind2=" " tag="310"><subfield code="a">Weekly,</subfield><subfield code="b">Jan. 1, 1912 - Dec. 31, 1924</subfield></datafield><datafield ind1=" " ind2=" " tag="321"><subfield code="a">Weekly,</subfield><subfield code="b">Feb. 21, 1900 - Mar. 26, 1906</subfield></datafield><datafield ind1=" " ind2=" " tag="321"><subfield code="a">Semiweekly,</subfield><subfield code="b">Apr. 3, 1906 - Dec. 29, 1911</subfield></datafield><datafield ind1="1" ind2=" " tag="362"><subfield code="a">Began in Feb. 1900.</subfield></datafield><datafield ind1="0" ind2=" " tag="362"><subfield code="a">-v. 25, no. 27 (Dec. 31, 1924).</subfield></datafield><datafield ind1=" " ind2=" " tag="588"><subfield code="a">Description based on: Vol. 1, no. 2 (Feb. 21, 1900).</subfield></datafield><datafield ind1=" " ind2="4" tag="651"><subfield code="a">Union County (S.C.)</subfield><subfield code="v">Newspapers.</subfield></datafield><datafield ind1=" " ind2=" " tag="752"><subfield code="a">United States</subfield><subfield code="b">South Carolina</subfield><subfield code="c">Union</subfield><subfield code="d">Union.</subfield></datafield><datafield ind1="0" ind2="0" tag="785"><subfield code="t">Union weekly progress</subfield><subfield code="w">(DLC)sn 86063745</subfield><subfield code="w">(OCoLC)13640884</subfield></datafield><datafield ind1="1" ind2=" " tag="029"><subfield code="a">AU@</subfield><subfield code="b">000025908468</subfield></datafield></record>